<record><leader>02138cam a2200469 i 4500</leader><controlfield tag="001">6799255</controlfield><controlfield tag="003">OCoLC</controlfield><controlfield tag="005">20150121082254.0</controlfield><controlfield tag="008">140701t20152015nyu      b    001 0 eng  </controlfield><datafield ind1=" " ind2=" " tag="010"><subfield code="a">  2014012965</subfield></datafield><datafield ind1=" " ind2=" " tag="020"><subfield code="a">9780823262311 (cloth : alk. paper)</subfield></datafield><datafield ind1=" " ind2=" " tag="020"><subfield code="a">0823262316 (cloth : alk. paper)</subfield></datafield><datafield ind1=" " ind2=" " tag="020"><subfield code="a">9780823262328 (pbk. : alk. paper)</subfield></datafield><datafield ind1=" " ind2=" " tag="020"><subfield code="a">0823262324 (pbk. : alk. paper)</subfield></datafield><datafield ind1=" " ind2=" " tag="035"><subfield code="a">ocn874223686</subfield></datafield><datafield ind1=" " ind2=" " tag="040"><subfield code="a">DLC</subfield><subfield code="b">eng</subfield><subfield code="e">rda</subfield><subfield code="c">DLC</subfield><subfield code="d">YDX</subfield><subfield code="d">YDXCP</subfield><subfield code="d">BTCTA</subfield><subfield code="d">BDX</subfield><subfield code="d">NYP</subfield><subfield code="d">OCLCO</subfield><subfield code="d">UAB</subfield><subfield code="d">AEU</subfield></datafield><datafield ind1="1" ind2=" " tag="041"><subfield code="a">eng</subfield><subfield code="h">fre</subfield></datafield><datafield ind1=" " ind2=" " tag="042"><subfield code="a">pcc</subfield></datafield><datafield ind1="0" ind2="0" tag="050"><subfield code="a">BS511.3</subfield><subfield code="b">.C47513 2015</subfield></datafield><datafield ind1="0" ind2="0" tag="082"><subfield code="a">220.6</subfield><subfield code="2">23</subfield></datafield><datafield ind1=" " ind2=" " tag="090"><subfield code="a">BS 511.3 C47513 2015</subfield><subfield code="b">AENTC</subfield></datafield><datafield ind1=" " ind2=" " tag="090"><subfield code="a">BS 511.3 C47513 2015</subfield><subfield code="b">AEU</subfield></datafield><datafield ind1="1" ind2=" " tag="100"><subfield code="a">Chr&#233;tien, Jean-Louis,</subfield><subfield code="d">1952-</subfield><subfield code="e">author.</subfield></datafield><datafield ind1="1" ind2="0" tag="240"><subfield code="a">Sous le regard de la Bible.</subfield><subfield code="l">English</subfield></datafield><datafield ind1="1" ind2="0" tag="245"><subfield code="a">Under the gaze of the Bible /</subfield><subfield code="c">Jean-Louis Chr&#233;tien ; translated by John Marson Dunaway.</subfield></datafield><datafield ind1=" " ind2=" " tag="250"><subfield code="a">First edition.</subfield></datafield><datafield ind1=" " ind2="1" tag="264"><subfield code="a">New York :</subfield><subfield code="b">Fordham University Press,</subfield><subfield code="c">2015.</subfield></datafield><datafield ind1=" " ind2="4" tag="264"><subfield code="c">&#169;2015</subfield></datafield><datafield ind1=" " ind2=" " tag="300"><subfield code="a">xv, 118 pages ;</subfield><subfield code="c">23 cm.</subfield></datafield><datafield ind1=" " ind2=" " tag="336"><subfield code="a">text</subfield><subfield code="b">txt</subfield><subfield code="2">rdacontent</subfield></datafield><datafield ind1=" " ind2=" " tag="337"><subfield code="a">unmediated</subfield><subfield code="b">n</subfield><subfield code="2">rdamedia</subfield></datafield><datafield ind1=" " ind2=" " tag="338"><subfield code="a">volume</subfield><subfield code="b">nc</subfield><subfield code="2">rdacarrier</subfield></datafield><datafield ind1="1" ind2=" " tag="490"><subfield code="a">Perspectives in continental philosophy</subfield></datafield><datafield ind1=" " ind2=" " tag="504"><subfield code="a">Includes bibliographical references and index.</subfield></datafield><datafield ind1="0" ind2=" " tag="505"><subfield code="a">Reading the Bible today -- Allowing oneself to be read authoritatively by the Holy Scripture -- Kierkegaard and the mirror of scripture -- The wisdom learned at the foot of the cross -- The docility of the bishop as doctor of the faith according to Saint Augustine -- Biblical figures of joy -- On Christian hope -- Nine propositions on the Christian concept of witness.</subfield></datafield><datafield ind1=" " ind2=" " tag="546"><subfield code="a">Translated from the French.</subfield></datafield><datafield ind1=" " ind2=" " tag="596"><subfield code="a">32 43</subfield></datafield><datafield ind1="0" ind2="0" tag="630"><subfield code="a">Bible</subfield><subfield code="x">Criticism, interpretation, etc.</subfield></datafield><datafield ind1=" " ind2="0" tag="830"><subfield code="a">Perspectives in continental philosophy.</subfield></datafield><datafield ind1=" " ind2=" " tag="949"><subfield code="a">BS 511.3 C47513 2015</subfield><subfield code="c">1</subfield><subfield code="h">UAHS-B</subfield><subfield code="i">0162035232592</subfield></datafield><datafield ind1=" " ind2=" " tag="926"><subfield code="a">BS 511.3 C47513 2015</subfield><subfield code="w">LC</subfield><subfield code="c">1</subfield><subfield code="i">0162035232592</subfield><subfield code="d">10/19/2016</subfield><subfield code="e">9/21/2016</subfield><subfield code="l">ON_SHELF</subfield><subfield code="m">UAHSS</subfield><subfield code="n">1</subfield><subfield code="p">$150.00</subfield><subfield code="r">Y</subfield><subfield code="s">Y</subfield><subfield code="t">BOOK</subfield><subfield code="u">2/4/2015</subfield></datafield><datafield ind1=" " ind2=" " tag="926"><subfield code="a">BS 511.3 C47513 2015</subfield><subfield code="w">LC</subfield><subfield code="c">1</subfield><subfield code="i">0163980491613</subfield><subfield code="l">ON_SHELF</subfield><subfield code="m">NEWMAN</subfield><subfield code="r">Y</subfield><subfield code="s">Y</subfield><subfield code="t">BOOK</subfield><subfield code="u">3/3/2015</subfield></datafield></record>